@ARTICLE{Alexander2012,
   author = {{Alexander}, R.},
    title = "{The Dispersal of Protoplanetary Disks around Binary Stars}",
  journal = {\apjl},
archivePrefix = "arXiv",
   eprint = {1209.0779},
 primaryClass = "astro-ph.EP",
 keywords = {binaries: close, planetary systems, planets and satellites: formation, protoplanetary disks},
     year = 2012,
    month = oct,
   volume = 757,
      eid = {L29},
    pages = {L29},
      doi = {10.1088/2041-8205/757/2/L29},
   adsurl = {http://adsabs.harvard.edu/abs/2012ApJ...757L..29A},
  adsnote = {Provided by the SAO/NASA Astrophysics Data System}
}

@ARTICLE{Andronov2006,
   author = {{Andronov}, N. and {Pinsonneault}, M.~H. and {Terndrup}, D.~M.
	},
    title = "{Mergers of Close Primordial Binaries}",
  journal = {\apj},
   eprint = {astro-ph/0509309},
 keywords = {Stars: Binaries: Close, Stars: Blue Stragglers, Galaxy: Open Clusters and Associations: Individual: Messier Number: M67, Stars: Evolution},
     year = 2006,
    month = aug,
   volume = 646,
    pages = {1160-1178},
      doi = {10.1086/505127},
   adsurl = {http://adsabs.harvard.edu/abs/2006ApJ...646.1160A},
  adsnote = {Provided by the SAO/NASA Astrophysics Data System}
}

@ARTICLE{Armitage2005,
   author = {{Armitage}, P.~J. and {Natarajan}, P.},
    title = "{Eccentricity of Supermassive Black Hole Binaries Coalescing from Gas-rich Mergers}",
  journal = {\apj},
   eprint = {astro-ph/0508493},
 keywords = {Accretion, Accretion Disks, Black Hole Physics, Galaxies: Active, Galaxies: Nuclei, Gravitational Waves},
     year = 2005,
    month = dec,
   volume = 634,
    pages = {921-927},
      doi = {10.1086/497108},
   adsurl = {http://adsabs.harvard.edu/abs/2005ApJ...634..921A},
  adsnote = {Provided by the SAO/NASA Astrophysics Data System}
}

@ARTICLE{Armstrong2014,
   author = {{Armstrong}, D.~J. and {Osborn}, H.~P. and {Brown}, D.~J.~A. and 
	{Faedi}, F. and {G{\'o}mez Maqueo Chew}, Y. and {Martin}, D.~V. and 
	{Pollacco}, D. and {Udry}, S.},
    title = "{On the abundance of circumbinary planets}",
  journal = {\mnras},
archivePrefix = "arXiv",
   eprint = {1404.5617},
 primaryClass = "astro-ph.EP",
 keywords = {planets and satellites: detection, planets and satellites: dynamical evolution and stability, planets and satellites: formation, planets and satellites: general},
     year = 2014,
    month = oct,
   volume = 444,
    pages = {1873-1883},
      doi = {10.1093/mnras/stu1570},
   adsurl = {http://adsabs.harvard.edu/abs/2014MNRAS.444.1873A},
  adsnote = {Provided by the SAO/NASA Astrophysics Data System}
}

@ARTICLE{Arty1991,
   author = {{Artymowicz}, P. and {Clarke}, C.~J. and {Lubow}, S.~H. and 
	{Pringle}, J.~E.},
    title = "{The effect of an external disk on the orbital elements of a central binary}",
  journal = {\apjl},
 keywords = {Binary Stars, Stellar Evolution, Stellar Orbits, Accretion Disks, Eccentricity, Gravitational Effects, Stellar Mass, Stellar Models},
     year = 1991,
    month = mar,
   volume = 370,
    pages = {L35-L38},
      doi = {10.1086/185971},
   adsurl = {http://adsabs.harvard.edu/abs/1991ApJ...370L..35A},
  adsnote = {Provided by the SAO/NASA Astrophysics Data System}
}

@ARTICLE{Arty1994,
   author = {{Artymowicz}, P. and {Lubow}, S.~H.},
    title = "{Dynamics of binary-disk interaction. 1: Resonances and disk gap sizes}",
  journal = {\apj},
 keywords = {Accretion Disks, Binary Stars, Orbital Resonances (Celestial Mechanics), Pre-Main Sequence Stars, Stellar Envelopes, Stellar Gravitation, Stellar Mass Accretion, Stellar Systems, Astronomical Spectroscopy, Stellar Models, Stellar Spectra},
     year = 1994,
    month = feb,
   volume = 421,
    pages = {651-667},
      doi = {10.1086/173679},
   adsurl = {http://adsabs.harvard.edu/abs/1994ApJ...421..651A},
  adsnote = {Provided by the SAO/NASA Astrophysics Data System}
}

@ARTICLE{Arty1996,
   author = {{Artymowicz}, P. and {Lubow}, S.~H.},
    title = "{Mass Flow through Gaps in Circumbinary Disks}",
  journal = {\apjl},
 keywords = {ACCRETION, ACCRETION DISKS, STARS: AGB AND POST-AGB, STARS: BINARIES: CLOSE, STARS: PRE-MAIN-SEQUENCE, STARS: PLANETARY SYSTEMS, SOLAR SYSTEM: FORMATION, GALAXIES: NUCLEI},
     year = 1996,
    month = aug,
   volume = 467,
    pages = {L77},
      doi = {10.1086/310200},
   adsurl = {http://adsabs.harvard.edu/abs/1996ApJ...467L..77A},
  adsnote = {Provided by the SAO/NASA Astrophysics Data System}
}

@ARTICLE{Baraffe2015,
   author = {{Baraffe}, I. and {Homeier}, D. and {Allard}, F. and {Chabrier}, G.
	},
    title = "{New evolutionary models for pre-main sequence and main sequence low-mass stars down to the hydrogen-burning limit}",
  journal = {\aap},
archivePrefix = "arXiv",
   eprint = {1503.04107},
 primaryClass = "astro-ph.SR",
 keywords = {stars: evolution, stars: low-mass, stars: pre-main sequence, Hertzsprung-Russell and C-M diagrams, convection},
     year = 2015,
    month = may,
   volume = 577,
      eid = {A42},
    pages = {A42},
      doi = {10.1051/0004-6361/201425481},
   adsurl = {http://adsabs.harvard.edu/abs/2015A%26A...577A..42B},
  adsnote = {Provided by the SAO/NASA Astrophysics Data System}
}

@ARTICLE{Barker2009,
   author = {{Barker}, A.~J. and {Ogilvie}, G.~I.},
    title = "{On the tidal evolution of Hot Jupiters on inclined orbits}",
  journal = {\mnras},
archivePrefix = "arXiv",
   eprint = {0902.4563},
 primaryClass = "astro-ph.EP",
 keywords = {celestial mechanics , planetary systems , binaries: close , stars: individual: XO-3 , stars: rotation},
     year = 2009,
    month = jun,
   volume = 395,
    pages = {2268-2287},
      doi = {10.1111/j.1365-2966.2009.14694.x},
   adsurl = {http://adsabs.harvard.edu/abs/2009MNRAS.395.2268B},
  adsnote = {Provided by the SAO/NASA Astrophysics Data System}
}

@ARTICLE{Barnes2003,
   author = {{Barnes}, S.~A.},
    title = "{On the Rotational Evolution of Solar- and Late-Type Stars, Its Magnetic Origins, and the Possibility of Stellar Gyrochronology}",
  journal = {\apj},
   eprint = {astro-ph/0303631},
 keywords = {Galaxy: Open Clusters and Associations: General, Stars: Evolution, Stars: Interiors, Stars: Late-Type, Stars: Magnetic Fields, Stars: Rotation},
     year = 2003,
    month = mar,
   volume = 586,
    pages = {464-479},
      doi = {10.1086/367639},
   adsurl = {http://adsabs.harvard.edu/abs/2003ApJ...586..464B},
  adsnote = {Provided by the SAO/NASA Astrophysics Data System}
}

@ARTICLE{Barnes2013,
   author = {{Barnes}, R. and {Mullins}, K. and {Goldblatt}, C. and {Meadows}, V.~S. and 
	{Kasting}, J.~F. and {Heller}, R.},
    title = "{Tidal Venuses: Triggering a Climate Catastrophe via Tidal Heating}",
  journal = {Astrobiology},
archivePrefix = "arXiv",
   eprint = {1203.5104},
 primaryClass = "astro-ph.EP",
     year = 2013,
    month = mar,
   volume = 13,
    pages = {225-250},
      doi = {10.1089/ast.2012.0851},
   adsurl = {http://adsabs.harvard.edu/abs/2013AsBio..13..225B},
  adsnote = {Provided by the SAO/NASA Astrophysics Data System}
}

@ARTICLE{Barnes2016,
   author = {{Barnes}, R. and {Deitrick}, R. and {Luger}, R. and {Driscoll}, P.~E. and 
	{Quinn}, T.~R. and {Fleming}, D.~P. and {Guyer}, B. and {McDonald}, D.~V. and 
	{Meadows}, V.~S. and {Arney}, G. and {Crisp}, D. and {Domagal-Goldman}, S.~D. and 
	{Lincowski}, A. and {Lustig-Yaeger}, J. and {Schwieterman}, E.
	},
    title = "{The Habitability of Proxima Centauri b I: Evolutionary Scenarios}",
  journal = {ArXiv e-prints},
archivePrefix = "arXiv",
   eprint = {1608.06919},
 primaryClass = "astro-ph.EP",
 keywords = {Astrophysics - Earth and Planetary Astrophysics},
     year = 2016,
    month = aug,
   adsurl = {http://adsabs.harvard.edu/abs/2016arXiv160806919B},
  adsnote = {Provided by the SAO/NASA Astrophysics Data System}
}

@ARTICLE{Barnes2017,
   author = {{Barnes}, R.},
    title = "{Tidal Locking of Habitable Exoplanets}",
  journal = {ArXiv e-prints},
archivePrefix = "arXiv",
   eprint = {1708.02981},
 primaryClass = "astro-ph.EP",
 keywords = {Astrophysics - Earth and Planetary Astrophysics},
     year = 2017,
    month = aug,
   adsurl = {http://adsabs.harvard.edu/abs/2017arXiv170802981B},
  adsnote = {Provided by the SAO/NASA Astrophysics Data System}
}

@ARTICLE{Basri1987,
   author = {{Basri}, G.},
    title = "{Stellar activity in synchronized binaries. II - A correlation analysis with single stars}",
  journal = {\apj},
 keywords = {Binary Stars, Chromosphere, Cool Stars, Stellar Activity, Stellar Atmospheres, Dwarf Stars, Iue, Stellar Gravitation, Stellar Luminosity, Stellar Orbits, Stellar Rotation},
     year = 1987,
    month = may,
   volume = 316,
    pages = {377-388},
      doi = {10.1086/165207},
   adsurl = {http://adsabs.harvard.edu/abs/1987ApJ...316..377B},
  adsnote = {Provided by the SAO/NASA Astrophysics Data System}
}

@ARTICLE{Bate2000,
   author = {{Bate}, M.~R.},
    title = "{Predicting the properties of binary stellar systems: the evolution of accreting protobinary systems}",
  journal = {\mnras},
   eprint = {astro-ph/0002143},
 keywords = {ACCRETION, ACCRETION DISCS, BINARIES: GENERAL, CIRCUMSTELLAR MATTER, STARS: FORMATION, STARS: LOW-MASS, BROWN DWARFS, STARS: LUMINOSITY FUNCTION, MASS FUNCTION},
     year = 2000,
    month = may,
   volume = 314,
    pages = {33-53},
      doi = {10.1046/j.1365-8711.2000.03333.x},
   adsurl = {http://adsabs.harvard.edu/abs/2000MNRAS.314...33B},
  adsnote = {Provided by the SAO/NASA Astrophysics Data System}
}

@ARTICLE{Bate2002,
   author = {{Bate}, M.~R. and {Bonnell}, I.~A. and {Bromm}, V.},
    title = "{The formation of close binary systems by dynamical interactions and orbital decay}",
  journal = {\mnras},
   eprint = {astro-ph/0212403},
 keywords = {accretion, accretion discs, hydrodynamics, binaries: close, binaries: spectroscopic, circumstellar matter, stars: formation},
     year = 2002,
    month = nov,
   volume = 336,
    pages = {705-713},
      doi = {10.1046/j.1365-8711.2002.05775.x},
   adsurl = {http://adsabs.harvard.edu/abs/2002MNRAS.336..705B},
  adsnote = {Provided by the SAO/NASA Astrophysics Data System}
}

@ARTICLE{Bennett2016,
   author = {{Bennett}, D.~P. and {Rhie}, S.~H. and {Udalski}, A. and {Gould}, A. and 
	{Tsapras}, Y. and {Kubas}, D. and {Bond}, I.~A. and {Greenhill}, J. and 
	{Cassan}, A. and {Rattenbury}, N.~J. and {Boyajian}, T.~S. and 
	{Luhn}, J. and {Penny}, M.~T. and {Anderson}, J. and {Abe}, F. and 
	{Bhattacharya}, A. and {Botzler}, C.~S. and {Donachie}, M. and 
	{Freeman}, M. and {Fukui}, A. and {Hirao}, Y. and {Itow}, Y. and 
	{Koshimoto}, N. and {Li}, M.~C.~A. and {Ling}, C.~H. and {Masuda}, K. and 
	{Matsubara}, Y. and {Muraki}, Y. and {Nagakane}, M. and {Ohnishi}, K. and 
	{Oyokawa}, H. and {Perrott}, Y.~C. and {Saito}, T. and {Sharan}, A. and 
	{Sullivan}, D.~J. and {Sumi}, T. and {Suzuki}, D. and {Tristram}, P.~J. and 
	{Yonehara}, A. and {Yock}, P.~C.~M. and {MOA Collaboration} and 
	{Szyma{\'n}ski}, M.~K. and {Soszy{\'n}ski}, I. and {Ulaczyk}, K. and 
	{Wyrzykowski}, {\L}. and {OGLE Collaboration} and {Allen}, W. and 
	{DePoy}, D. and {Gal-Yam}, A. and {Gaudi}, B.~S. and {Han}, C. and 
	{Monard}, I.~A.~G. and {Ofek}, E. and {Pogge}, R.~W. and {{$\mu$}FUN Collaboration} and 
	{Street}, R.~A. and {Bramich}, D.~M. and {Dominik}, M. and {Horne}, K. and 
	{Snodgrass}, C. and {Steele}, I.~A. and {Robonet Collaboration} and 
	{Albrow}, M.~D. and {Bachelet}, E. and {Batista}, V. and {Beaulieu}, J.-P. and 
	{Brillant}, S. and {Caldwell}, J.~A.~R. and {Cole}, A. and {Coutures}, C. and 
	{Dieters}, S. and {Dominis Prester}, D. and {Donatowicz}, J. and 
	{Fouqu{\'e}}, P. and {Hundertmark}, M. and {J{\o}rgensen}, U.~G. and 
	{Kains}, N. and {Kane}, S.~R. and {Marquette}, J.-B. and {Menzies}, J. and 
	{Pollard}, K.~R. and {Ranc}, C. and {Sahu}, K.~C. and {Wambsganss}, J. and 
	{Williams}, A. and {Zub}, M. and {PLANET Collaboration}},
    title = "{The First Circumbinary Planet Found by Microlensing: OGLE-2007-BLG-349L(AB)c}",
  journal = {\aj},
archivePrefix = "arXiv",
   eprint = {1609.06720},
 primaryClass = "astro-ph.EP",
 keywords = {gravitational lensing: micro, planetary systems},
     year = 2016,
    month = nov,
   volume = 152,
      eid = {125},
    pages = {125},
      doi = {10.3847/0004-6256/152/5/125},
   adsurl = {http://adsabs.harvard.edu/abs/2016AJ....152..125B},
  adsnote = {Provided by the SAO/NASA Astrophysics Data System}
}

@ARTICLE{Bolmont2016,
   author = {{Bolmont}, E. and {Mathis}, S.},
    title = "{Effect of the rotation and tidal dissipation history of stars on the evolution of close-in planets}",
  journal = {Celestial Mechanics and Dynamical Astronomy},
archivePrefix = "arXiv",
   eprint = {1603.06268},
 primaryClass = "astro-ph.EP",
 keywords = {Planets and satellites: dynamical evolution and stability, Planet-star interactions, Terrestrial planets, Gaseous planets, Stars: evolution, Stars: rotation},
     year = 2016,
    month = nov,
   volume = 126,
    pages = {275-296},
      doi = {10.1007/s10569-016-9690-3},
   adsurl = {http://adsabs.harvard.edu/abs/2016CeMDA.126..275B},
  adsnote = {Provided by the SAO/NASA Astrophysics Data System}
}

@ARTICLE{Bolmont2017,
   author = {{Bolmont}, E. and {Gallet}, F. and {Mathis}, S. and {Charbonnel}, C. and 
	{Amard}, L. and {Alibert}, Y.},
    title = "{Tidal dissipation in rotating low-mass stars and implications for the orbital evolution of close-in massive planets. II. Effect of stellar metallicity}",
  journal = {\aap},
archivePrefix = "arXiv",
   eprint = {1705.10167},
 primaryClass = "astro-ph.EP",
 keywords = {planet-star interactions, stars: evolution, stars: rotation, stars: abundances, stars: solar-type},
     year = 2017,
    month = aug,
   volume = 604,
      eid = {A113},
    pages = {A113},
      doi = {10.1051/0004-6361/201730662},
   adsurl = {http://adsabs.harvard.edu/abs/2017A%26A...604A.113B},
  adsnote = {Provided by the SAO/NASA Astrophysics Data System}
}

@ARTICLE{Bonnell1994,
   author = {{Bonnell}, I.~A. and {Bate}, M.~R.},
    title = "{The Formation of Close Binary Systems}",
  journal = {\mnras},
   eprint = {astro-ph/9411081},
 keywords = {ACCRETION DISKS, BINARY STARS, COMPUTATIONAL ASTROPHYSICS, STAR FORMATION, PRE-MAIN SEQUENCE STARS, PROTOSTARS, HYDRODYNAMICS},
     year = 1994,
    month = dec,
   volume = 271,
      doi = {10.1093/mnras/271.4.999},
   adsurl = {http://adsabs.harvard.edu/abs/1994MNRAS.271..999B},
  adsnote = {Provided by the SAO/NASA Astrophysics Data System}
}

@ARTICLE{Bouvier1997,
   author = {{Bouvier}, J. and {Forestini}, M. and {Allain}, S.},
    title = "{The angular momentum evolution of low-mass stars.}",
  journal = {\aap},
 keywords = {STARS: ROTATION, STARS: PRE-MAIN SEQUENCE},
     year = 1997,
    month = oct,
   volume = 326,
    pages = {1023-1043},
   adsurl = {http://adsabs.harvard.edu/abs/1997A%26A...326.1023B},
  adsnote = {Provided by the SAO/NASA Astrophysics Data System}
}

@ARTICLE{Bromley2015,
   author = {{Bromley}, B.~C. and {Kenyon}, S.~J.},
    title = "{Planet Formation around Binary Stars: Tatooine Made Easy}",
  journal = {\apj},
archivePrefix = "arXiv",
   eprint = {1503.03876},
 primaryClass = "astro-ph.EP",
 keywords = {binaries: close, planetary systems, planets and satellites: dynamical evolution and stability, planets and satellites: formation, protoplanetary disks, stars: individual: Kepler-16},
     year = 2015,
    month = jun,
   volume = 806,
      eid = {98},
    pages = {98},
      doi = {10.1088/0004-637X/806/1/98},
   adsurl = {http://adsabs.harvard.edu/abs/2015ApJ...806...98B},
  adsnote = {Provided by the SAO/NASA Astrophysics Data System}
}

@ARTICLE{Chambers1996,
   author = {{Chambers}, J.~E. and {Wetherill}, G.~W. and {Boss}, A.~P.},
    title = "{The Stability of Multi-Planet Systems}",
  journal = {\icarus},
     year = 1996,
    month = feb,
   volume = 119,
    pages = {261-268},
      doi = {10.1006/icar.1996.0019},
   adsurl = {http://adsabs.harvard.edu/abs/1996Icar..119..261C},
  adsnote = {Provided by the SAO/NASA Astrophysics Data System}
}

@ARTICLE{Chatterjee2008,
   author = {{Chatterjee}, S. and {Ford}, E.~B. and {Matsumura}, S. and {Rasio}, F.~A.
	},
    title = "{Dynamical Outcomes of Planet-Planet Scattering}",
  journal = {\apj},
   eprint = {astro-ph/0703166},
 keywords = {instabilities, methods: numerical, planetary systems, planetary systems: formation, scattering },
     year = 2008,
    month = oct,
   volume = 686,
      eid = {580-602},
    pages = {580-602},
      doi = {10.1086/590227},
   adsurl = {http://adsabs.harvard.edu/abs/2008ApJ...686..580C},
  adsnote = {Provided by the SAO/NASA Astrophysics Data System}
}

@ARTICLE{Counselman1973,
   author = {{Counselman}, III, C.~C.},
    title = "{Outcomes of Tidal Evolution}",
  journal = {\apj},
     year = 1973,
    month = feb,
   volume = 180,
    pages = {307-316},
      doi = {10.1086/151964},
   adsurl = {http://adsabs.harvard.edu/abs/1973ApJ...180..307C},
  adsnote = {Provided by the SAO/NASA Astrophysics Data System}
}

@ARTICLE{Darwin1880,
   author = {{Darwin}, G.~H.},
    title = "{On the Secular Changes in the Elements of the Orbit of a Satellite Revolving about a Tidally Distorted Planet}",
  journal = {Philosophical Transactions of the Royal Society of London Series I},
     year = 1880,
   volume = 171,
    pages = {713-891},
   adsurl = {http://adsabs.harvard.edu/abs/1880RSPT..171..713D},
  adsnote = {Provided by the SAO/NASA Astrophysics Data System}
}

@ARTICLE{DobbsDixon2004,
   author = {{Dobbs-Dixon}, I. and {Lin}, D.~N.~C. and {Mardling}, R.~A.},
    title = "{Spin-Orbit Evolution of Short-Period Planets}",
  journal = {\apj},
   eprint = {astro-ph/0408191},
 keywords = {Stars: Planetary Systems},
     year = 2004,
    month = jul,
   volume = 610,
    pages = {464-476},
      doi = {10.1086/421510},
   adsurl = {http://adsabs.harvard.edu/abs/2004ApJ...610..464D},
  adsnote = {Provided by the SAO/NASA Astrophysics Data System}
}

@ARTICLE{Duquennoy1991,
   author = {{Duquennoy}, A. and {Mayor}, M.},
    title = "{Multiplicity among solar-type stars in the solar neighbourhood. II - Distribution of the orbital elements in an unbiased sample}",
  journal = {\aap},
 keywords = {Binary Stars, Dwarf Stars, G Stars, Solar Neighborhood, Stellar Orbits, Brown Dwarf Stars, Orbital Elements, Peculiar Stars, Radial Velocity, Stellar Evolution, Variable Stars},
     year = 1991,
    month = aug,
   volume = 248,
    pages = {485-524},
   adsurl = {http://adsabs.harvard.edu/abs/1991A%26A...248..485D},
  adsnote = {Provided by the SAO/NASA Astrophysics Data System}
}

@ARTICLE{Dunhill2013,
   author = {{Dunhill}, A.~C. and {Alexander}, R.~D.},
    title = "{The curiously circular orbit of Kepler-16b}",
  journal = {\mnras},
archivePrefix = "arXiv",
   eprint = {1308.0596},
 primaryClass = "astro-ph.EP",
 keywords = {hydrodynamics, planets and satellites: dynamical evolution and stability, planets and satellites: individual: Kepler-16b, planet-disc interactions, protoplanetary discs, binaries: close},
     year = 2013,
    month = nov,
   volume = 435,
    pages = {2328-2334},
      doi = {10.1093/mnras/stt1456},
   adsurl = {http://adsabs.harvard.edu/abs/2013MNRAS.435.2328D},
  adsnote = {Provided by the SAO/NASA Astrophysics Data System}
}

@ARTICLE{Dvorak1989,
   author = {{Dvorak}, R. and {Froeschle}, C. and {Froeschle}, C.},
    title = "{Stability of outer planetary orbits (P-types) in binaries}",
  journal = {\aap},
 keywords = {Binary Stars, Celestial Mechanics, Extrasolar Planets, Orbital Mechanics, Planetary Orbits, Double Stars, Eccentricity, Stability, Three Body Problem},
     year = 1989,
    month = dec,
   volume = 226,
    pages = {335-342},
   adsurl = {http://adsabs.harvard.edu/abs/1989A%26A...226..335D},
  adsnote = {Provided by the SAO/NASA Astrophysics Data System}
}

@ARTICLE{Essick2016,
   author = {{Essick}, R. and {Weinberg}, N.~N.},
    title = "{Orbital Decay of Hot Jupiters Due to Nonlinear Tidal Dissipation within Solar-type Hosts}",
  journal = {\apj},
archivePrefix = "arXiv",
   eprint = {1508.02763},
 primaryClass = "astro-ph.EP",
 keywords = {gravitation, instabilities, planets and satellites: dynamical evolution and stability, waves},
     year = 2016,
    month = jan,
   volume = 816,
      eid = {18},
    pages = {18},
      doi = {10.3847/0004-637X/816/1/18},
   adsurl = {http://adsabs.harvard.edu/abs/2016ApJ...816...18E},
  adsnote = {Provided by the SAO/NASA Astrophysics Data System}
}

@ARTICLE{Fabrycky2007,
   author = {{Fabrycky}, D. and {Tremaine}, S.},
    title = "{Shrinking Binary and Planetary Orbits by Kozai Cycles with Tidal Friction}",
  journal = {\apj},
archivePrefix = "arXiv",
   eprint = {0705.4285},
 keywords = {Stars: Binaries: Close, Celestial Mechanics, Methods: Statistical, Stars: Planetary Systems},
     year = 2007,
    month = nov,
   volume = 669,
    pages = {1298-1315},
      doi = {10.1086/521702},
   adsurl = {http://adsabs.harvard.edu/abs/2007ApJ...669.1298F},
  adsnote = {Provided by the SAO/NASA Astrophysics Data System}
}

@ARTICLE{FerrazMello2008,
   author = {{Ferraz-Mello}, S. and {Rodr{\'{\i}}guez}, A. and {Hussmann}, H.
	},
    title = "{Tidal friction in close-in satellites and exoplanets: The Darwin theory re-visited}",
  journal = {Celestial Mechanics and Dynamical Astronomy},
archivePrefix = "arXiv",
   eprint = {0712.1156},
 keywords = {Tidal friction, Exoplanets, Satellites, Energy dissipation, Orbit evolution, Darwin's theory, Synchronous rotation, Stationary rotation, Capture into 1:1 resonance},
     year = 2008,
    month = may,
   volume = 101,
    pages = {171-201},
      doi = {10.1007/s10569-008-9133-x},
   adsurl = {http://adsabs.harvard.edu/abs/2008CeMDA.101..171F},
  adsnote = {Provided by the SAO/NASA Astrophysics Data System}
}

@ARTICLE{Fleming2017,
   author = {{Fleming}, D.~P. and {Quinn}, T.~R.},
    title = "{Coevolution of binaries and circumbinary gaseous discs}",
  journal = {\mnras},
archivePrefix = "arXiv",
   eprint = {1610.05842},
 primaryClass = "astro-ph.EP",
 keywords = {hydrodynamics, protoplanetary discs, binaries: general},
     year = 2017,
    month = jan,
   volume = 464,
    pages = {3343-3356},
      doi = {10.1093/mnras/stw2624},
   adsurl = {http://adsabs.harvard.edu/abs/2017MNRAS.464.3343F},
  adsnote = {Provided by the SAO/NASA Astrophysics Data System}
}

@ARTICLE{Forgan2014,
   author = {{Forgan}, D.},
    title = "{Assessing circumbinary habitable zones using latitudinal energy balance modelling}",
  journal = {\mnras},
archivePrefix = "arXiv",
   eprint = {1310.3611},
 primaryClass = "astro-ph.EP",
 keywords = {astrobiology, methods: numerical, planets and satellites: general},
     year = 2014,
    month = jan,
   volume = 437,
    pages = {1352-1361},
      doi = {10.1093/mnras/stt1964},
   adsurl = {http://adsabs.harvard.edu/abs/2014MNRAS.437.1352F},
  adsnote = {Provided by the SAO/NASA Astrophysics Data System}
}

@ARTICLE{Foucart2013,
   author = {{Foucart}, F. and {Lai}, D.},
    title = "{Assembly of Protoplanetary Disks and Inclinations of Circumbinary Planets}",
  journal = {\apj},
archivePrefix = "arXiv",
   eprint = {1211.3721},
 primaryClass = "astro-ph.EP",
 keywords = {accretion, accretion disks, binaries: general, hydrodynamics, planetary systems, protoplanetary disks },
     year = 2013,
    month = feb,
   volume = 764,
      eid = {106},
    pages = {106},
      doi = {10.1088/0004-637X/764/1/106},
   adsurl = {http://adsabs.harvard.edu/abs/2013ApJ...764..106F},
  adsnote = {Provided by the SAO/NASA Astrophysics Data System}
}

@ARTICLE{GoldreichPeale1966,
   author = {{Goldreich}, P. and {Peale}, S.},
    title = "{Spin-orbit coupling in the solar system}",
  journal = {\aj},
     year = 1966,
    month = aug,
   volume = 71,
    pages = {425},
      doi = {10.1086/109947},
   adsurl = {http://adsabs.harvard.edu/abs/1966AJ.....71..425G},
  adsnote = {Provided by the SAO/NASA Astrophysics Data System}
}

@ARTICLE{Goldreich1966,
   author = {{Goldreich}, P. and {Soter}, S.},
    title = "{Q in the Solar System}",
  journal = {\icarus},
     year = 1966,
   volume = 5,
    pages = {375-389},
      doi = {10.1016/0019-1035(66)90051-0},
   adsurl = {http://adsabs.harvard.edu/abs/1966Icar....5..375G},
  adsnote = {Provided by the SAO/NASA Astrophysics Data System}
}

@ARTICLE{Goldreich1966b,
   author = {{Goldreich}, P.},
    title = "{Final spin states of planets and satellites}",
  journal = {\aj},
     year = 1966,
    month = feb,
   volume = 71,
    pages = {1},
      doi = {10.1086/109844},
   adsurl = {http://adsabs.harvard.edu/abs/1966AJ.....71....1G},
  adsnote = {Provided by the SAO/NASA Astrophysics Data System}
}

@ARTICLE{Goldreich1980,
   author = {{Goldreich}, P. and {Tremaine}, S.},
    title = "{Disk-satellite interactions}",
  journal = {\apj},
 keywords = {Jupiter (Planet), Momentum Transfer, Natural Satellites, Planetary Evolution, Protoplanets, Angular Momentum, Celestial Mechanics, Resonance, Solar System},
     year = 1980,
    month = oct,
   volume = 241,
    pages = {425-441},
      doi = {10.1086/158356},
   adsurl = {http://adsabs.harvard.edu/abs/1980ApJ...241..425G},
  adsnote = {Provided by the SAO/NASA Astrophysics Data System}
}

@ARTICLE{Gong2017,
   author = {{Gong}, Y.-X. and {Ji}, J.},
    title = "{The Scattering Outcomes of Kepler Circumbinary Planets: Planet Mass Ratio}",
  journal = {\aj},
archivePrefix = "arXiv",
   eprint = {1709.04433},
 primaryClass = "astro-ph.EP",
 keywords = {binaries: close, methods: numerical, planets and satellites: dynamical evolution and stability, planets and satellites: individual: Kepler-34b, Kepler-413b },
     year = 2017,
    month = nov,
   volume = 154,
      eid = {179},
    pages = {179},
      doi = {10.3847/1538-3881/aa8c7c},
   adsurl = {http://adsabs.harvard.edu/abs/2017AJ....154..179G},
  adsnote = {Provided by the SAO/NASA Astrophysics Data System}
}

@ARTICLE{Gong2017b,
   author = {{Gong}, Y.-X.},
    title = "{P-type Planet-Planet Scattering: Kepler Close Binary Configurations}",
  journal = {\apj},
 keywords = {binaries: close, methods: numerical, planets and satellites: dynamical evolution and stability, planets and satellites: individual: Kepler circumbinary planets},
     year = 2017,
    month = jan,
   volume = 834,
      eid = {55},
    pages = {55},
      doi = {10.3847/1538-4357/834/1/55},
   adsurl = {http://adsabs.harvard.edu/abs/2017ApJ...834...55G},
  adsnote = {Provided by the SAO/NASA Astrophysics Data System}
}

@ARTICLE{Greenberg1974,
   author = {{Greenberg}, R.},
    title = "{Outcomes of tidal evolution for orbits with arbitrary inclination}",
  journal = {\icarus},
 keywords = {Astronomical Models, Natural Satellites, Orbital Mechanics, Tides, Uranus (Planet), Angular Momentum, Energy Dissipation, Spin Dynamics, Spin-Orbit Interactions, Torque, Vector Currents},
     year = 1974,
    month = sep,
   volume = 23,
    pages = {51-58},
      doi = {10.1016/0019-1035(74)90103-1},
   adsurl = {http://adsabs.harvard.edu/abs/1974Icar...23...51G},
  adsnote = {Provided by the SAO/NASA Astrophysics Data System}
}

@ARTICLE{Greenberg2009,
   author = {{Greenberg}, R.},
    title = "{Frequency Dependence of Tidal q}",
  journal = {\apjl},
 keywords = {celestial mechanics, planetary systems, planets and satellites: general},
     year = 2009,
    month = jun,
   volume = 698,
    pages = {L42-L45},
      doi = {10.1088/0004-637X/698/1/L42},
   adsurl = {http://adsabs.harvard.edu/abs/2009ApJ...698L..42G},
  adsnote = {Provided by the SAO/NASA Astrophysics Data System}
}

@ARTICLE{Hamers2016,
   author = {{Hamers}, A.~S. and {Perets}, H.~B. and {Portegies Zwart}, S.~F.
	},
    title = "{A triple origin for the lack of tight coplanar circumbinary planets around short-period binaries}",
  journal = {\mnras},
archivePrefix = "arXiv",
   eprint = {1506.02039},
 primaryClass = "astro-ph.EP",
 keywords = {gravitation, celestial mechanics, planet-star interactions, stars: kinematics and dynamics},
     year = 2016,
    month = jan,
   volume = 455,
    pages = {3180-3200},
      doi = {10.1093/mnras/stv2447},
   adsurl = {http://adsabs.harvard.edu/abs/2016MNRAS.455.3180H},
  adsnote = {Provided by the SAO/NASA Astrophysics Data System}
}

@ARTICLE{Haisch2001,
   author = {{Haisch}, Jr., K.~E. and {Lada}, E.~A. and {Lada}, C.~J.},
    title = "{Disk Frequencies and Lifetimes in Young Clusters}",
  journal = {\apjl},
   eprint = {astro-ph/0104347},
 keywords = {Infrared: Stars, Galaxy: Open Clusters and Associations: General, Stars: Planetary Systems: Protoplanetary Disks, Stars: Formation},
     year = 2001,
    month = jun,
   volume = 553,
    pages = {L153-L156},
      doi = {10.1086/320685},
   adsurl = {http://adsabs.harvard.edu/abs/2001ApJ...553L.153H},
  adsnote = {Provided by the SAO/NASA Astrophysics Data System}
}


@ARTICLE{Heller2011,
   author = {{Heller}, R. and {Leconte}, J. and {Barnes}, R.},
    title = "{Tidal obliquity evolution of potentially habitable planets}",
  journal = {\aap},
archivePrefix = "arXiv",
   eprint = {1101.2156},
 primaryClass = "astro-ph.EP",
 keywords = {planets and satellites: dynamical evolution and stability, celestial mechanics, planet-star interactions, astrobiology, stars: low-mass, planets and satellites: tectonics},
     year = 2011,
    month = apr,
   volume = 528,
      eid = {A27},
    pages = {A27},
      doi = {10.1051/0004-6361/201015809},
   adsurl = {http://adsabs.harvard.edu/abs/2011A%26A...528A..27H},
  adsnote = {Provided by the SAO/NASA Astrophysics Data System}
}


@ARTICLE{Holman1999,
   author = {{Holman}, M.~J. and {Wiegert}, P.~A.},
    title = "{Long-Term Stability of Planets in Binary Systems}",
  journal = {\aj},
   eprint = {astro-ph/9809315},
 keywords = {STARS: BINARIES: GENERAL, CELESTIAL MECHANICS, STELLAR DYNAMICS, STARS: PLANETARY SYSTEMS},
     year = 1999,
    month = jan,
   volume = 117,
    pages = {621-628},
      doi = {10.1086/300695},
   adsurl = {http://adsabs.harvard.edu/abs/1999AJ....117..621H},
  adsnote = {Provided by the SAO/NASA Astrophysics Data System}
}

@ARTICLE{Huang1966,
   author = {{Huang}, S.-S.},
    title = "{A theory of the origin and evolution of contact binaries}",
  journal = {Annales d'Astrophysique},
     year = 1966,
    month = feb,
   volume = 29,
    pages = {331},
   adsurl = {http://adsabs.harvard.edu/abs/1966AnAp...29..331H},
  adsnote = {Provided by the SAO/NASA Astrophysics Data System}
}

@Article{Hunter2007,
  Author    = {Hunter, J. D.},
  Title     = {Matplotlib: A 2D graphics environment},
  Journal   = {Computing In Science \& Engineering},
  Volume    = {9},
  Number    = {3},
  Pages     = {90--95},
  abstract  = {Matplotlib is a 2D graphics package used for Python
  for application development, interactive scripting, and
  publication-quality image generation across user
  interfaces and operating systems.},
  publisher = {IEEE COMPUTER SOC},
  doi = {10.1109/MCSE.2007.55},
  year      = 2007
}

@ARTICLE{Hut1981,
   author = {{Hut}, P.},
    title = "{Tidal evolution in close binary systems}",
  journal = {\aap},
 keywords = {Binary Stars, Celestial Mechanics, Stellar Evolution, Stellar Models, Tides, Two Body Problem, Angular Momentum, Companion Stars, Conservation Laws, Energy Dissipation, Equilibrium Equations, Gravitational Effects, Perturbation Theory, Stellar Rotation, Synchronism, X Ray Stars},
     year = 1981,
    month = jun,
   volume = 99,
    pages = {126-140},
   adsurl = {http://adsabs.harvard.edu/abs/1981A%26A....99..126H},
  adsnote = {Provided by the SAO/NASA Astrophysics Data System}
}

@ARTICLE{Ivanova2003,
   author = {{Ivanova}, N. and {Taam}, R.~E.},
    title = "{Magnetic Braking Revisited}",
  journal = {\apj},
   eprint = {astro-ph/0308361},
 keywords = {Stars: Binaries: Close, Stars: Magnetic Fields, Stars: Rotation, X-Rays: Binaries},
     year = 2003,
    month = dec,
   volume = 599,
    pages = {516-521},
      doi = {10.1086/379192},
   adsurl = {http://adsabs.harvard.edu/abs/2003ApJ...599..516I},
  adsnote = {Provided by the SAO/NASA Astrophysics Data System}
}

@ARTICLE{Jackson2009,
   author = {{Jackson}, B. and {Barnes}, R. and {Greenberg}, R.},
    title = "{Observational Evidence for Tidal Destruction of Exoplanets}",
  journal = {\apj},
archivePrefix = "arXiv",
   eprint = {0904.1170},
 primaryClass = "astro-ph.EP",
 keywords = {planetary systems: formation, planetary systems: protoplanetary disks},
     year = 2009,
    month = jun,
   volume = 698,
    pages = {1357-1366},
      doi = {10.1088/0004-637X/698/2/1357},
   adsurl = {http://adsabs.harvard.edu/abs/2009ApJ...698.1357J},
  adsnote = {Provided by the SAO/NASA Astrophysics Data System}
}

@ARTICLE{Kane2013,
   author = {{Kane}, S.~R. and {Hinkel}, N.~R.},
    title = "{On the Habitable Zones of Circumbinary Planetary Systems}",
  journal = {\apj},
archivePrefix = "arXiv",
   eprint = {1211.2812},
 primaryClass = "astro-ph.EP",
 keywords = {astrobiology, planetary systems },
     year = 2013,
    month = jan,
   volume = 762,
      eid = {7},
    pages = {7},
      doi = {10.1088/0004-637X/762/1/7},
   adsurl = {http://adsabs.harvard.edu/abs/2013ApJ...762....7K},
  adsnote = {Provided by the SAO/NASA Astrophysics Data System}
}

@ARTICLE{Khaliullin2011,
   author = {{Khaliullin}, K.~F. and {Khaliullina}, A.~I.},
    title = "{Orbital circularization of close binary stars on the pre-main sequence}",
  journal = {\mnras},
 keywords = {binaries: close, binaries: eclipsing, stars: evolution, stars: fundamental parameters, stars: pre-main-sequence},
     year = 2011,
    month = mar,
   volume = 411,
    pages = {2804-2816},
      doi = {10.1111/j.1365-2966.2010.17878.x},
   adsurl = {http://adsabs.harvard.edu/abs/2011MNRAS.411.2804K},
  adsnote = {Provided by the SAO/NASA Astrophysics Data System}
}

@ARTICLE{Kirk2016,
   author = {{Kirk}, B. and {Conroy}, K. and {Pr{\v s}a}, A. and {Abdul-Masih}, M. and 
	{Kochoska}, A. and {Matijevi{\v c}}, G. and {Hambleton}, K. and 
	{Barclay}, T. and {Bloemen}, S. and {Boyajian}, T. and {Doyle}, L.~R. and 
	{Fulton}, B.~J. and {Hoekstra}, A.~J. and {Jek}, K. and {Kane}, S.~R. and 
	{Kostov}, V. and {Latham}, D. and {Mazeh}, T. and {Orosz}, J.~A. and 
	{Pepper}, J. and {Quarles}, B. and {Ragozzine}, D. and {Shporer}, A. and 
	{Southworth}, J. and {Stassun}, K. and {Thompson}, S.~E. and 
	{Welsh}, W.~F. and {Agol}, E. and {Derekas}, A. and {Devor}, J. and 
	{Fischer}, D. and {Green}, G. and {Gropp}, J. and {Jacobs}, T. and 
	{Johnston}, C. and {LaCourse}, D.~M. and {Saetre}, K. and {Schwengeler}, H. and 
	{Toczyski}, J. and {Werner}, G. and {Garrett}, M. and {Gore}, J. and 
	{Martinez}, A.~O. and {Spitzer}, I. and {Stevick}, J. and {Thomadis}, P.~C. and 
	{Vrijmoet}, E.~H. and {Yenawine}, M. and {Batalha}, N. and {Borucki}, W.
	},
    title = "{Kepler Eclipsing Binary Stars. VII. The Catalog of Eclipsing Binaries Found in the Entire Kepler Data Set}",
  journal = {\aj},
archivePrefix = "arXiv",
   eprint = {1512.08830},
 primaryClass = "astro-ph.SR",
 keywords = {binaries: eclipsing, catalogs, methods: data analysis, methods: numerical, stars: fundamental parameters, stars: statistics},
     year = 2016,
    month = mar,
   volume = 151,
      eid = {68},
    pages = {68},
      doi = {10.3847/0004-6256/151/3/68},
   adsurl = {http://adsabs.harvard.edu/abs/2016AJ....151...68K},
  adsnote = {Provided by the SAO/NASA Astrophysics Data System}
}

@ARTICLE{Kley2014,
   author = {{Kley}, W. and {Haghighipour}, N.},
    title = "{Modeling circumbinary planets: The case of Kepler-38}",
  journal = {\aap},
archivePrefix = "arXiv",
   eprint = {1401.7648},
 primaryClass = "astro-ph.EP",
 keywords = {planet-disk interactions, binaries: general, hydrodynamics},
     year = 2014,
    month = apr,
   volume = 564,
      eid = {A72},
    pages = {A72},
      doi = {10.1051/0004-6361/201323235},
   adsurl = {http://adsabs.harvard.edu/abs/2014A%26A...564A..72K},
  adsnote = {Provided by the SAO/NASA Astrophysics Data System}
}

@ARTICLE{Kratter2014,
   author = {{Kratter}, K.~M. and {Shannon}, A.},
    title = "{Planet packing in circumbinary systems}",
  journal = {\mnras},
archivePrefix = "arXiv",
   eprint = {1311.2942},
 primaryClass = "astro-ph.EP",
 keywords = {planets and satellites: dynamical evolution and stability, planet-star interactions, binaries: general, planetary systems, stars: individual: Kepler 47},
     year = 2014,
    month = feb,
   volume = 437,
    pages = {3727-3735},
      doi = {10.1093/mnras/stt2179},
   adsurl = {http://adsabs.harvard.edu/abs/2014MNRAS.437.3727K},
  adsnote = {Provided by the SAO/NASA Astrophysics Data System}
}

@ARTICLE{Lam2018,
   author = {{Lam}, C. and {Kipping}, D.},
    title = "{A machine learns to predict the stability of circumbinary planets}",
  journal = {ArXiv e-prints},
archivePrefix = "arXiv",
   eprint = {1801.03955},
 primaryClass = "astro-ph.EP",
 keywords = {Astrophysics - Earth and Planetary Astrophysics},
     year = 2018,
    month = jan,
   adsurl = {http://adsabs.harvard.edu/abs/2018arXiv180103955L},
  adsnote = {Provided by the SAO/NASA Astrophysics Data System}
}

@ARTICLE{Lanza2016,
   author = {{Lanza}, A.~F. and {Mathis}, S.},
    title = "{Tides and angular momentum redistribution inside low-mass stars hosting planets: a first dynamical model}",
  journal = {Celestial Mechanics and Dynamical Astronomy},
archivePrefix = "arXiv",
   eprint = {1606.08623},
 primaryClass = "astro-ph.EP",
 keywords = {Planet-star interactions, Stars rotation, Binaries, Hydrodynamics, Turbulence, Physical model},
     year = 2016,
    month = nov,
   volume = 126,
    pages = {249-274},
      doi = {10.1007/s10569-016-9714-z},
   adsurl = {http://adsabs.harvard.edu/abs/2016CeMDA.126..249L},
  adsnote = {Provided by the SAO/NASA Astrophysics Data System}
}

@ARTICLE{Leconte2010,
   author = {{Leconte}, J. and {Chabrier}, G. and {Baraffe}, I. and {Levrard}, B.
	},
    title = "{Is tidal heating sufficient to explain bloated exoplanets? Consistent calculations accounting for finite initial eccentricity}",
  journal = {\aap},
archivePrefix = "arXiv",
   eprint = {1004.0463},
 primaryClass = "astro-ph.EP",
 keywords = {brown dwarfs, planet-star interactions, planets and satellites: dynamical evolution and stability, planets and satellites: general},
     year = 2010,
    month = jun,
   volume = 516,
      eid = {A64},
    pages = {A64},
      doi = {10.1051/0004-6361/201014337},
   adsurl = {http://adsabs.harvard.edu/abs/2010A%26A...516A..64L},
  adsnote = {Provided by the SAO/NASA Astrophysics Data System}
}

@ARTICLE{Li1998,
   author = {{Li}, J. and {Wickramasinghe}, D.~T.},
    title = "{Magnetic braking in magnetic binary stars}",
  journal = {\mnras},
 keywords = {MAGNETIC FIELDS, BINARIES: CLOSE, STARS: MAGNETIC FIELDS, NOVAE, CATACLYSMIC VARIABLES},
     year = 1998,
    month = nov,
   volume = 300,
    pages = {718-732},
      doi = {10.1046/j.1365-8711.1998.01913.x},
   adsurl = {http://adsabs.harvard.edu/abs/1998MNRAS.300..718L},
  adsnote = {Provided by the SAO/NASA Astrophysics Data System}
}

@ARTICLE{Li2016,
   author = {{Li}, G. and {Holman}, M.~J. and {Tao}, M.},
    title = "{Uncovering Circumbinary Planetary Architectural Properties from Selection Biases}",
  journal = {\apj},
archivePrefix = "arXiv",
   eprint = {1608.01768},
 primaryClass = "astro-ph.EP",
 keywords = {binaries: eclipsing, celestial mechanics, planetary systems},
     year = 2016,
    month = nov,
   volume = 831,
      eid = {96},
    pages = {96},
      doi = {10.3847/0004-637X/831/1/96},
   adsurl = {http://adsabs.harvard.edu/abs/2016ApJ...831...96L},
  adsnote = {Provided by the SAO/NASA Astrophysics Data System}
}

@ARTICLE{Lurie2017,
   author = {{Lurie}, J.~C. and {Vyhmeister}, K. and {Hawley}, S.~L. and 
	{Adilia}, J. and {Chen}, A. and {Davenport}, J.~R.~A. and {Juri{\'c}}, M. and 
	{Puig-Holzman}, M. and {Weisenburger}, K.~L.},
    title = "{Tidal Synchronization and Differential Rotation of Kepler Eclipsing Binaries}",
  journal = {\aj},
archivePrefix = "arXiv",
   eprint = {1710.07339},
 primaryClass = "astro-ph.SR",
 keywords = {binaries: close, binaries: eclipsing, stars: late-type, stars: oscillations, starspots, stars: rotation},
     year = 2017,
    month = dec,
   volume = 154,
      eid = {250},
    pages = {250},
      doi = {10.3847/1538-3881/aa974d},
   adsurl = {http://adsabs.harvard.edu/abs/2017AJ....154..250L},
  adsnote = {Provided by the SAO/NASA Astrophysics Data System}
}

@ARTICLE{Machida2008,
   author = {{Machida}, M.~N. and {Tomisaka}, K. and {Matsumoto}, T. and 
	{Inutsuka}, S.-i.},
    title = "{Formation Scenario for Wide and Close Binary Systems}",
  journal = {\apj},
archivePrefix = "arXiv",
   eprint = {0709.2739},
 keywords = {binaries: general, ISM: clouds, ISM: magnetic fields, MHD, stars: formation, stars: rotation},
     year = 2008,
    month = apr,
   volume = 677,
      eid = {327-347},
    pages = {327-347},
      doi = {10.1086/529133},
   adsurl = {http://adsabs.harvard.edu/abs/2008ApJ...677..327M},
  adsnote = {Provided by the SAO/NASA Astrophysics Data System}
}

@ARTICLE{Mamajek2008,
   author = {{Mamajek}, E.~E. and {Hillenbrand}, L.~A.},
    title = "{Improved Age Estimation for Solar-Type Dwarfs Using Activity-Rotation Diagnostics}",
  journal = {\apj},
archivePrefix = "arXiv",
   eprint = {0807.1686},
 keywords = {stars: activity, stars: chromospheres, stars: coronae, stars: fundamental parameters, stars: rotation, X-rays: stars},
     year = 2008,
    month = nov,
   volume = 687,
      eid = {1264-1293},
    pages = {1264-1293},
      doi = {10.1086/591785},
   adsurl = {http://adsabs.harvard.edu/abs/2008ApJ...687.1264M},
  adsnote = {Provided by the SAO/NASA Astrophysics Data System}
}


@ARTICLE{Marilli2007,
   author = {{Marilli}, E. and {Frasca}, A. and {Covino}, E. and {Alcal{\'a}}, J.~M. and 
	{Catalano}, S. and {Fern{\'a}ndez}, M. and {Arellano Ferro}, A. and 
	{Rubio-Herrera}, E. and {Spezzi}, L.},
    title = "{Rotational periods of solar-mass young stars in Orion}",
  journal = {\aap},
 keywords = {stars: pre-main sequence, X-ray: stars, stars: activity, techniques: photometric, ISM: individual objects: Orion},
     year = 2007,
    month = mar,
   volume = 463,
    pages = {1081-1091},
      doi = {10.1051/0004-6361:20066458},
   adsurl = {http://adsabs.harvard.edu/abs/2007A%26A...463.1081M},
  adsnote = {Provided by the SAO/NASA Astrophysics Data System}
}

@ARTICLE{Martin2014,
   author = {{Martin}, D.~V. and {Triaud}, A.~H.~M.~J.},
    title = "{Planets transiting non-eclipsing binaries}",
  journal = {\aap},
archivePrefix = "arXiv",
   eprint = {1404.5360},
 primaryClass = "astro-ph.EP",
 keywords = {planets and satellites: detection, planets and satellites: formation, planets and satellites: gaseous planets, binaries: close, binaries: eclipsing, binaries: spectroscopic},
     year = 2014,
    month = oct,
   volume = 570,
      eid = {A91},
    pages = {A91},
      doi = {10.1051/0004-6361/201323112},
   adsurl = {http://adsabs.harvard.edu/abs/2014A%26A...570A..91M},
  adsnote = {Provided by the SAO/NASA Astrophysics Data System}
}

@ARTICLE{Martin2015a,
   author = {{Martin}, D.~V. and {Triaud}, A.~H.~M.~J.},
    title = "{Circumbinary planets - why they are so likely to transit}",
  journal = {\mnras},
archivePrefix = "arXiv",
   eprint = {1501.03631},
 primaryClass = "astro-ph.EP",
 keywords = {methods: analytical, techniques: photometric, planets and satellites: detection, planets and satellites: dynamical evolution and stability, binaries: eclipsing, binaries: general},
     year = 2015,
    month = may,
   volume = 449,
    pages = {781-793},
      doi = {10.1093/mnras/stv121},
   adsurl = {http://adsabs.harvard.edu/abs/2015MNRAS.449..781M},
  adsnote = {Provided by the SAO/NASA Astrophysics Data System}
}

@ARTICLE{Martin2015b,
   author = {{Martin}, D.~V. and {Mazeh}, T. and {Fabrycky}, D.~C.},
    title = "{No circumbinary planets transiting the tightest Kepler binaries - a possible fingerprint of a third star}",
  journal = {\mnras},
archivePrefix = "arXiv",
   eprint = {1505.05749},
 primaryClass = "astro-ph.EP",
 keywords = {methods: numerical, celestial mechanics, planets and satellites: detection, planets and satellites: dynamical evolution and stability, binaries: close, binaries: eclipsing},
     year = 2015,
    month = nov,
   volume = 453,
    pages = {3554-3567},
      doi = {10.1093/mnras/stv1870},
   adsurl = {http://adsabs.harvard.edu/abs/2015MNRAS.453.3554M},
  adsnote = {Provided by the SAO/NASA Astrophysics Data System}
}

@ARTICLE{Martin2017,
   author = {{Martin}, D.~V.},
    title = "{Circumbinary planets - II. When transits come and go}",
  journal = {\mnras},
archivePrefix = "arXiv",
   eprint = {1611.00526},
 primaryClass = "astro-ph.EP",
 keywords = {methods: analytical, astrometry, celestial mechanics, planets and satellites: detection, planets and satellites: dynamical evolution and stability, planets and satellites: fundamental parameters, binaries: close, binaries: eclipsing},
     year = 2017,
    month = mar,
   volume = 465,
    pages = {3235-3253},
      doi = {10.1093/mnras/stw2851},
   adsurl = {http://adsabs.harvard.edu/abs/2017MNRAS.465.3235M},
  adsnote = {Provided by the SAO/NASA Astrophysics Data System}
}

@InProceedings{Mckinney2010,
  author    = { Wes McKinney },
  title     = { Data Structures for Statistical Computing in Python },
  booktitle = { Proceedings of the 9th Python in Science Conference },
  pages     = { 51 - 56 },
  year      = { 2010 },
  editor    = { St\'efan van der Walt and Jarrod Millman }
}

@ARTICLE{Meibom2005,
   author = {{Meibom}, S. and {Mathieu}, R.~D.},
    title = "{A Robust Measure of Tidal Circularization in Coeval Binary Populations: The Solar-Type Spectroscopic Binary Population in the Open Cluster M35}",
  journal = {\apj},
   eprint = {astro-ph/0412147},
 keywords = {Stars: Binaries: Spectroscopic, Galaxy: Open Clusters and Associations: General},
     year = 2005,
    month = feb,
   volume = 620,
    pages = {970-983},
      doi = {10.1086/427082},
   adsurl = {http://adsabs.harvard.edu/abs/2005ApJ...620..970M},
  adsnote = {Provided by the SAO/NASA Astrophysics Data System}
}


@ARTICLE{Meibom2007,
   author = {{Meibom}, S. and {Mathieu}, R.~D. and {Stassun}, K.~G.},
    title = "{The Effect of Binarity on Stellar Rotation: Beyond the Reach of Tides}",
  journal = {\apjl},
archivePrefix = "arXiv",
   eprint = {0707.1087},
 keywords = {Stars: Binaries: Spectroscopic, Galaxy: Open Clusters and Associations: Individual: Messier Number: M35, Stars: Late-Type, Stars: Rotation},
     year = 2007,
    month = aug,
   volume = 665,
    pages = {L155-L158},
      doi = {10.1086/521437},
   adsurl = {http://adsabs.harvard.edu/abs/2007ApJ...665L.155M},
  adsnote = {Provided by the SAO/NASA Astrophysics Data System}
}

@ARTICLE{Meibom2009,
   author = {{Meibom}, S. and {Mathieu}, R.~D. and {Stassun}, K.~G.},
    title = "{Stellar Rotation in M35: Mass-Period Relations, Spin-Down Rates, and Gyrochronology}",
  journal = {\apj},
archivePrefix = "arXiv",
   eprint = {0805.1040},
 keywords = {open clusters and associations: individual: M35, stars: evolution, stars: late-type, stars: rotation},
     year = 2009,
    month = apr,
   volume = 695,
    pages = {679-694},
      doi = {10.1088/0004-637X/695/1/679},
   adsurl = {http://adsabs.harvard.edu/abs/2009ApJ...695..679M},
  adsnote = {Provided by the SAO/NASA Astrophysics Data System}
}


@ARTICLE{Meibom2011,
   author = {{Meibom}, S. and {Mathieu}, R.~D. and {Stassun}, K.~G. and {Liebesny}, P. and 
	{Saar}, S.~H.},
    title = "{The Color-period Diagram and Stellar Rotational Evolution{\mdash}New Rotation Period Measurements in the Open Cluster M34}",
  journal = {\apj},
archivePrefix = "arXiv",
   eprint = {1103.5171},
 primaryClass = "astro-ph.SR",
 keywords = {open clusters and associations: individual: M34, stars: activity, stars: late-type, stars: rotation, starspots},
     year = 2011,
    month = jun,
   volume = 733,
      eid = {115},
    pages = {115},
      doi = {10.1088/0004-637X/733/2/115},
   adsurl = {http://adsabs.harvard.edu/abs/2011ApJ...733..115M},
  adsnote = {Provided by the SAO/NASA Astrophysics Data System}
}

@ARTICLE{Meschiari2012a,
   author = {{Meschiari}, S.},
    title = "{Circumbinary Planet Formation in the Kepler-16 System. I. N-body Simulations}",
  journal = {\apj},
archivePrefix = "arXiv",
   eprint = {1204.1314},
 primaryClass = "astro-ph.EP",
 keywords = {planets and satellites: dynamical evolution and stability, planets and satellites: formation},
     year = 2012,
    month = jun,
   volume = 752,
      eid = {71},
    pages = {71},
      doi = {10.1088/0004-637X/752/1/71},
   adsurl = {http://adsabs.harvard.edu/abs/2012ApJ...752...71M},
  adsnote = {Provided by the SAO/NASA Astrophysics Data System}
}

@ARTICLE{Meschiari2012b,
   author = {{Meschiari}, S.},
    title = "{Planet Formation in Circumbinary Configurations: Turbulence Inhibits Planetesimal Accretion}",
  journal = {\apjl},
archivePrefix = "arXiv",
   eprint = {1210.7757},
 primaryClass = "astro-ph.EP",
 keywords = {planets and satellites: dynamical evolution and stability, planets and satellites: formation },
     year = 2012,
    month = dec,
   volume = 761,
      eid = {L7},
    pages = {L7},
      doi = {10.1088/2041-8205/761/1/L7},
   adsurl = {http://adsabs.harvard.edu/abs/2012ApJ...761L...7M},
  adsnote = {Provided by the SAO/NASA Astrophysics Data System}
}

@ARTICLE{Mestel1968,
   author = {{Mestel}, L.},
    title = "{Magnetic braking by a stellar wind-I}",
  journal = {\mnras},
     year = 1968,
   volume = 138,
    pages = {359},
      doi = {10.1093/mnras/138.3.359},
   adsurl = {http://adsabs.harvard.edu/abs/1968MNRAS.138..359M},
  adsnote = {Provided by the SAO/NASA Astrophysics Data System}
}

@ARTICLE{Moe2018,
   author = {{Moe}, M. and {Kratter}, K.~M.},
    title = "{Dynamical Formation of Close Binaries during the Pre-main-sequence Phase}",
  journal = {\apj},
archivePrefix = "arXiv",
   eprint = {1706.09894},
 primaryClass = "astro-ph.SR",
 keywords = {binaries: close, stars: formation, stars: kinematics and dynamics, stars: pre-main sequence },
     year = 2018,
    month = feb,
   volume = 854,
      eid = {44},
    pages = {44},
      doi = {10.3847/1538-4357/aaa6d2},
   adsurl = {http://adsabs.harvard.edu/abs/2018ApJ...854...44M},
  adsnote = {Provided by the SAO/NASA Astrophysics Data System}
}

@ARTICLE{Munoz2015,
   author = {{Mu{\~n}oz}, D.~J. and {Lai}, D.},
    title = "{Survival of planets around shrinking stellar binaries}",
  journal = {Proceedings of the National Academy of Science},
archivePrefix = "arXiv",
   eprint = {1505.05514},
 primaryClass = "astro-ph.EP",
     year = 2015,
    month = jul,
   volume = 112,
    pages = {9264-9269},
      doi = {10.1073/pnas.1505671112},
   adsurl = {http://adsabs.harvard.edu/abs/2015PNAS..112.9264M},
  adsnote = {Provided by the SAO/NASA Astrophysics Data System}
}

@ARTICLE{Ogilvie2007,
   author = {{Ogilvie}, G.~I. and {Lin}, D.~N.~C.},
    title = "{Tidal Dissipation in Rotating Solar-Type Stars}",
  journal = {\apj},
   eprint = {astro-ph/0702492},
 keywords = {Stars: Binaries: Close, Hydrodynamics, Stars: Planetary Systems, Stars: Oscillations, Waves},
     year = 2007,
    month = jun,
   volume = 661,
    pages = {1180-1191},
      doi = {10.1086/515435},
   adsurl = {http://adsabs.harvard.edu/abs/2007ApJ...661.1180O},
  adsnote = {Provided by the SAO/NASA Astrophysics Data System}
}

@ARTICLE{Orosz2012,
   author = {{Orosz}, J.~A. and {Welsh}, W.~F. and {Carter}, J.~A. and {Fabrycky}, D.~C. and 
	{Cochran}, W.~D. and {Endl}, M. and {Ford}, E.~B. and {Haghighipour}, N. and 
	{MacQueen}, P.~J. and {Mazeh}, T. and {Sanchis-Ojeda}, R. and 
	{Short}, D.~R. and {Torres}, G. and {Agol}, E. and {Buchhave}, L.~A. and 
	{Doyle}, L.~R. and {Isaacson}, H. and {Lissauer}, J.~J. and 
	{Marcy}, G.~W. and {Shporer}, A. and {Windmiller}, G. and {Barclay}, T. and 
	{Boss}, A.~P. and {Clarke}, B.~D. and {Fortney}, J. and {Geary}, J.~C. and 
	{Holman}, M.~J. and {Huber}, D. and {Jenkins}, J.~M. and {Kinemuchi}, K. and 
	{Kruse}, E. and {Ragozzine}, D. and {Sasselov}, D. and {Still}, M. and 
	{Tenenbaum}, P. and {Uddin}, K. and {Winn}, J.~N. and {Koch}, D.~G. and 
	{Borucki}, W.~J.},
    title = "{Kepler-47: A Transiting Circumbinary Multiplanet System}",
  journal = {Science},
archivePrefix = "arXiv",
   eprint = {1208.5489},
 primaryClass = "astro-ph.SR",
     year = 2012,
    month = sep,
   volume = 337,
    pages = {1511},
      doi = {10.1126/science.1228380},
   adsurl = {http://adsabs.harvard.edu/abs/2012Sci...337.1511O},
  adsnote = {Provided by the SAO/NASA Astrophysics Data System}
}

@ARTICLE{Paardekooper2012,
   author = {{Paardekooper}, S.-J. and {Leinhardt}, Z.~M. and {Th{\'e}bault}, P. and 
	{Baruteau}, C.},
    title = "{How Not to Build Tatooine: The Difficulty of In Situ Formation of Circumbinary Planets Kepler 16b, Kepler 34b, and Kepler 35b}",
  journal = {\apjl},
archivePrefix = "arXiv",
   eprint = {1206.3484},
 primaryClass = "astro-ph.EP",
 keywords = {planets and satellites: formation},
     year = 2012,
    month = jul,
   volume = 754,
      eid = {L16},
    pages = {L16},
      doi = {10.1088/2041-8205/754/1/L16},
   adsurl = {http://adsabs.harvard.edu/abs/2012ApJ...754L..16P},
  adsnote = {Provided by the SAO/NASA Astrophysics Data System}
}

@ARTICLE{Papaloizou2001,
   author = {{Papaloizou}, J.~C.~B. and {Nelson}, R.~P. and {Masset}, F.},
    title = "{Orbital eccentricity growth through disc-companion tidal interaction}",
  journal = {\aap},
 keywords = {ACCRETION, ACCRETION DISKS, METHODS: NUMERICAL, STARS: PLANETARY SYSTEMS},
     year = 2001,
    month = jan,
   volume = 366,
    pages = {263-275},
      doi = {10.1051/0004-6361:20000011},
   adsurl = {http://adsabs.harvard.edu/abs/2001A%26A...366..263P},
  adsnote = {Provided by the SAO/NASA Astrophysics Data System}
}

@ARTICLE{Parker1958,
   author = {{Parker}, E.~N.},
    title = "{Dynamics of the Interplanetary Gas and Magnetic Fields.}",
  journal = {\apj},
     year = 1958,
    month = nov,
   volume = 128,
    pages = {664},
      doi = {10.1086/146579},
   adsurl = {http://adsabs.harvard.edu/abs/1958ApJ...128..664P},
  adsnote = {Provided by the SAO/NASA Astrophysics Data System}
}

@ARTICLE{Patra2017,
   author = {{Patra}, K.~C. and {Winn}, J.~N. and {Holman}, M.~J. and {Yu}, L. and 
	{Deming}, D. and {Dai}, F.},
    title = "{The Apparently Decaying Orbit of WASP-12b}",
  journal = {\aj},
archivePrefix = "arXiv",
   eprint = {1703.06582},
 primaryClass = "astro-ph.EP",
 keywords = {planet{\^a}{\#128}{\#147}star interactions, planets and satellites: individual: WASP-12 b},
     year = 2017,
    month = jul,
   volume = 154,
      eid = {4},
    pages = {4},
      doi = {10.3847/1538-3881/aa6d75},
   adsurl = {http://adsabs.harvard.edu/abs/2017AJ....154....4P},
  adsnote = {Provided by the SAO/NASA Astrophysics Data System}
}

@ARTICLE{Pelupessy2013,
   author = {{Pelupessy}, F.~I. and {Portegies Zwart}, S.},
    title = "{The formation of planets in circumbinary discs}",
  journal = {\mnras},
archivePrefix = "arXiv",
   eprint = {1210.4678},
 primaryClass = "astro-ph.EP",
 keywords = {methods: numerical, protoplanetary discs, planets and satellites: formation, binaries: general},
     year = 2013,
    month = feb,
   volume = 429,
    pages = {895-902},
      doi = {10.1093/mnras/sts461},
   adsurl = {http://adsabs.harvard.edu/abs/2013MNRAS.429..895P},
  adsnote = {Provided by the SAO/NASA Astrophysics Data System}
}

@ARTICLE{PierensNelson2007,
   author = {{Pierens}, A. and {Nelson}, R.~P.},
    title = "{On the migration of protoplanets embedded in circumbinary disks}",
  journal = {\aap},
archivePrefix = "arXiv",
   eprint = {0707.2677},
 keywords = {accretion, accretion disks, planets and satellites: formation, stars: binaries: close, hydrodynamics, methods: numerical},
     year = 2007,
    month = sep,
   volume = 472,
    pages = {993-1001},
      doi = {10.1051/0004-6361:20077659},
   adsurl = {http://adsabs.harvard.edu/abs/2007A%26A...472..993P},
  adsnote = {Provided by the SAO/NASA Astrophysics Data System}
}

@ARTICLE{Pierens2013,
   author = {{Pierens}, A. and {Nelson}, R.~P.},
    title = "{Migration and gas accretion scenarios for the Kepler 16, 34, and 35 circumbinary planets}",
  journal = {\aap},
archivePrefix = "arXiv",
   eprint = {1307.0713},
 primaryClass = "astro-ph.EP",
 keywords = {accretion, accretion disks, planets and satellites: formation, methods: numerical, hydrodynamics},
     year = 2013,
    month = aug,
   volume = 556,
      eid = {A134},
    pages = {A134},
      doi = {10.1051/0004-6361/201321777},
   adsurl = {http://adsabs.harvard.edu/abs/2013A%26A...556A.134P},
  adsnote = {Provided by the SAO/NASA Astrophysics Data System}
}

@ARTICLE{Popp2017,
   author = {{Popp}, M. and {Eggl}, S.},
    title = "{Climate variations on Earth-like circumbinary planets}",
  journal = {Nature Communications},
     year = 2017,
    month = apr,
   volume = 8,
      eid = {14957},
    pages = {14957},
      doi = {10.1038/ncomms14957},
   adsurl = {http://adsabs.harvard.edu/abs/2017NatCo...814957P},
  adsnote = {Provided by the SAO/NASA Astrophysics Data System}
}

@ARTICLE{Quarles2018,
   author = {{Quarles}, B. and {Satyal}, S. and {Kostov}, V. and {Kaib}, N. and 
	{Haghighipour}, N.},
    title = "{Stability Limits of Circumbinary Planets: Is There a Pile-up in the Kepler CBPs?}",
  journal = {ArXiv e-prints},
archivePrefix = "arXiv",
   eprint = {1802.08868},
 primaryClass = "astro-ph.EP",
 keywords = {Astrophysics - Earth and Planetary Astrophysics},
     year = 2018,
    month = feb,
   adsurl = {http://adsabs.harvard.edu/abs/2018arXiv180208868Q},
  adsnote = {Provided by the SAO/NASA Astrophysics Data System}
}

@ARTICLE{Raghavan2010,
   author = {{Raghavan}, D. and {McAlister}, H.~A. and {Henry}, T.~J. and 
	{Latham}, D.~W. and {Marcy}, G.~W. and {Mason}, B.~D. and {Gies}, D.~R. and 
	{White}, R.~J. and {ten Brummelaar}, T.~A.},
    title = "{A Survey of Stellar Families: Multiplicity of Solar-type Stars}",
  journal = {\apjs},
archivePrefix = "arXiv",
   eprint = {1007.0414},
 primaryClass = "astro-ph.SR",
 keywords = {binaries: general, planetary systems, stars: solar-type, stars: statistics, surveys},
     year = 2010,
    month = sep,
   volume = 190,
    pages = {1-42},
      doi = {10.1088/0067-0049/190/1/1},
   adsurl = {http://adsabs.harvard.edu/abs/2010ApJS..190....1R},
  adsnote = {Provided by the SAO/NASA Astrophysics Data System}
}

@ARTICLE{Rauer2014,
   author = {{Rauer}, H. and {Catala}, C. and {Aerts}, C. and {Appourchaux}, T. and 
	{Benz}, W. and {Brandeker}, A. and {Christensen-Dalsgaard}, J. and 
	{Deleuil}, M. and {Gizon}, L. and {Goupil}, M.-J. and {G{\"u}del}, M. and 
	{Janot-Pacheco}, E. and {Mas-Hesse}, M. and {Pagano}, I. and 
	{Piotto}, G. and {Pollacco}, D. and {Santos}, {\.C}. and {Smith}, A. and 
	{Su{\'a}rez}, J.-C. and {Szab{\'o}}, R. and {Udry}, S. and {Adibekyan}, V. and 
	{Alibert}, Y. and {Almenara}, J.-M. and {Amaro-Seoane}, P. and 
	{Eiff}, M.~A.-v. and {Asplund}, M. and {Antonello}, E. and {Barnes}, S. and 
	{Baudin}, F. and {Belkacem}, K. and {Bergemann}, M. and {Bihain}, G. and 
	{Birch}, A.~C. and {Bonfils}, X. and {Boisse}, I. and {Bonomo}, A.~S. and 
	{Borsa}, F. and {Brand{\~a}o}, I.~M. and {Brocato}, E. and {Brun}, S. and 
	{Burleigh}, M. and {Burston}, R. and {Cabrera}, J. and {Cassisi}, S. and 
	{Chaplin}, W. and {Charpinet}, S. and {Chiappini}, C. and {Church}, R.~P. and 
	{Csizmadia}, S. and {Cunha}, M. and {Damasso}, M. and {Davies}, M.~B. and 
	{Deeg}, H.~J. and {D{\'{\i}}az}, R.~F. and {Dreizler}, S. and 
	{Dreyer}, C. and {Eggenberger}, P. and {Ehrenreich}, D. and 
	{Eigm{\"u}ller}, P. and {Erikson}, A. and {Farmer}, R. and {Feltzing}, S. and 
	{de Oliveira Fialho}, F. and {Figueira}, P. and {Forveille}, T. and 
	{Fridlund}, M. and {Garc{\'{\i}}a}, R.~A. and {Giommi}, P. and 
	{Giuffrida}, G. and {Godolt}, M. and {Gomes da Silva}, J. and 
	{Granzer}, T. and {Grenfell}, J.~L. and {Grotsch-Noels}, A. and 
	{G{\"u}nther}, E. and {Haswell}, C.~A. and {Hatzes}, A.~P. and 
	{H{\'e}brard}, G. and {Hekker}, S. and {Helled}, R. and {Heng}, K. and 
	{Jenkins}, J.~M. and {Johansen}, A. and {Khodachenko}, M.~L. and 
	{Kislyakova}, K.~G. and {Kley}, W. and {Kolb}, U. and {Krivova}, N. and 
	{Kupka}, F. and {Lammer}, H. and {Lanza}, A.~F. and {Lebreton}, Y. and 
	{Magrin}, D. and {Marcos-Arenal}, P. and {Marrese}, P.~M. and 
	{Marques}, J.~P. and {Martins}, J. and {Mathis}, S. and {Mathur}, S. and 
	{Messina}, S. and {Miglio}, A. and {Montalban}, J. and {Montalto}, M. and 
	{Monteiro}, M.~J.~P.~F.~G. and {Moradi}, H. and {Moravveji}, E. and 
	{Mordasini}, C. and {Morel}, T. and {Mortier}, A. and {Nascimbeni}, V. and 
	{Nelson}, R.~P. and {Nielsen}, M.~B. and {Noack}, L. and {Norton}, A.~J. and 
	{Ofir}, A. and {Oshagh}, M. and {Ouazzani}, R.-M. and {P{\'a}pics}, P. and 
	{Parro}, V.~C. and {Petit}, P. and {Plez}, B. and {Poretti}, E. and 
	{Quirrenbach}, A. and {Ragazzoni}, R. and {Raimondo}, G. and 
	{Rainer}, M. and {Reese}, D.~R. and {Redmer}, R. and {Reffert}, S. and 
	{Rojas-Ayala}, B. and {Roxburgh}, I.~W. and {Salmon}, S. and 
	{Santerne}, A. and {Schneider}, J. and {Schou}, J. and {Schuh}, S. and 
	{Schunker}, H. and {Silva-Valio}, A. and {Silvotti}, R. and 
	{Skillen}, I. and {Snellen}, I. and {Sohl}, F. and {Sousa}, S.~G. and 
	{Sozzetti}, A. and {Stello}, D. and {Strassmeier}, K.~G. and 
	{{\v S}vanda}, M. and {Szab{\'o}}, G.~M. and {Tkachenko}, A. and 
	{Valencia}, D. and {Van Grootel}, V. and {Vauclair}, S.~D. and 
	{Ventura}, P. and {Wagner}, F.~W. and {Walton}, N.~A. and {Weingrill}, J. and 
	{Werner}, S.~C. and {Wheatley}, P.~J. and {Zwintz}, K.},
    title = "{The PLATO 2.0 mission}",
  journal = {Experimental Astronomy},
archivePrefix = "arXiv",
   eprint = {1310.0696},
 primaryClass = "astro-ph.EP",
 keywords = {Exoplanets, Asteroseismology, Transit survey, Stellar science, Exoplanetary science},
     year = 2014,
    month = nov,
   volume = 38,
    pages = {249-330},
      doi = {10.1007/s10686-014-9383-4},
   adsurl = {http://adsabs.harvard.edu/abs/2014ExA....38..249R},
  adsnote = {Provided by the SAO/NASA Astrophysics Data System}
}

@ARTICLE{Rebull2006,
   author = {{Rebull}, L.~M. and {Stauffer}, J.~R. and {Megeath}, S.~T. and 
	{Hora}, J.~L. and {Hartmann}, L.},
    title = "{A Correlation between Pre-Main-Sequence Stellar Rotation Rates and IRAC Excesses in Orion}",
  journal = {\apj},
   eprint = {astro-ph/0604104},
 keywords = {Galaxy: Open Clusters and Associations: Individual: Name: Orion, Stars: Rotation},
     year = 2006,
    month = jul,
   volume = 646,
    pages = {297-303},
      doi = {10.1086/504865},
   adsurl = {http://adsabs.harvard.edu/abs/2006ApJ...646..297R},
  adsnote = {Provided by the SAO/NASA Astrophysics Data System}
}

@ARTICLE{Rein2012,
   author = {{Rein}, H. and {Liu}, S.-F.},
    title = "{REBOUND: an open-source multi-purpose N-body code for collisional dynamics}",
  journal = {\aap},
archivePrefix = "arXiv",
   eprint = {1110.4876},
 primaryClass = "astro-ph.EP",
 keywords = {methods: numerical, planets and satellites: rings, protoplanetary disks},
     year = 2012,
    month = jan,
   volume = 537,
      eid = {A128},
    pages = {A128},
      doi = {10.1051/0004-6361/201118085},
   adsurl = {http://adsabs.harvard.edu/abs/2012A%26A...537A.128R},
  adsnote = {Provided by the SAO/NASA Astrophysics Data System}
}

@ARTICLE{Rein2015,
   author = {{Rein}, H. and {Spiegel}, D.~S.},
    title = "{IAS15: a fast, adaptive, high-order integrator for gravitational dynamics, accurate to machine precision over a billion orbits}",
  journal = {\mnras},
archivePrefix = "arXiv",
   eprint = {1409.4779},
 primaryClass = "astro-ph.EP",
 keywords = {gravitation, methods: numerical, planets and satellites: dynamical evolution and stability},
     year = 2015,
    month = jan,
   volume = 446,
    pages = {1424-1437},
      doi = {10.1093/mnras/stu2164},
   adsurl = {http://adsabs.harvard.edu/abs/2015MNRAS.446.1424R},
  adsnote = {Provided by the SAO/NASA Astrophysics Data System}
}

@ARTICLE{Reiners2012,
   author = {{Reiners}, A. and {Mohanty}, S.},
    title = "{Radius-dependent Angular Momentum Evolution in Low-mass Stars. I}",
  journal = {\apj},
archivePrefix = "arXiv",
   eprint = {1111.7071},
 primaryClass = "astro-ph.SR",
 keywords = {stars: low-mass, stars: magnetic field, stars: rotation},
     year = 2012,
    month = feb,
   volume = 746,
      eid = {43},
    pages = {43},
      doi = {10.1088/0004-637X/746/1/43},
   adsurl = {http://adsabs.harvard.edu/abs/2012ApJ...746...43R},
  adsnote = {Provided by the SAO/NASA Astrophysics Data System}
}

@ARTICLE{Repetto2014,
   author = {{Repetto}, S. and {Nelemans}, G.},
    title = "{The coupled effect of tides and stellar winds on the evolution of compact binaries}",
  journal = {\mnras},
archivePrefix = "arXiv",
   eprint = {1407.5182},
 primaryClass = "astro-ph.SR",
 keywords = {planets and satellites: gaseous planets, planet, star interactions, binaries: close, binaries: general, stars: magnetic field, stars: winds, outflows.},
     year = 2014,
    month = oct,
   volume = 444,
    pages = {542-557},
      doi = {10.1093/mnras/stu1454},
   adsurl = {http://adsabs.harvard.edu/abs/2014MNRAS.444..542R},
  adsnote = {Provided by the SAO/NASA Astrophysics Data System}
}

@ARTICLE{Sahlmann2015,
   author = {{Sahlmann}, J. and {Triaud}, A.~H.~M.~J. and {Martin}, D.~V.
	},
    title = "{Gaia's potential for the discovery of circumbinary planets}",
  journal = {\mnras},
archivePrefix = "arXiv",
   eprint = {1410.4096},
 primaryClass = "astro-ph.SR",
 keywords = {space vehicles: instruments, astrometry, planets and satellites: detection, binaries: close, stars: low-mass, planetary systems},
     year = 2015,
    month = feb,
   volume = 447,
    pages = {287-297},
      doi = {10.1093/mnras/stu2428},
   adsurl = {http://adsabs.harvard.edu/abs/2015MNRAS.447..287S},
  adsnote = {Provided by the SAO/NASA Astrophysics Data System}
}

@ARTICLE{Skumanich1972,
   author = {{Skumanich}, A.},
    title = "{Time Scales for CA II Emission Decay, Rotational Braking, and Lithium Depletion}",
  journal = {\apj},
     year = 1972,
    month = feb,
   volume = 171,
    pages = {565},
      doi = {10.1086/151310},
   adsurl = {http://adsabs.harvard.edu/abs/1972ApJ...171..565S},
  adsnote = {Provided by the SAO/NASA Astrophysics Data System}
}

@ARTICLE{Smullen2016,
   author = {{Smullen}, R.~A. and {Kratter}, K.~M. and {Shannon}, A.},
    title = "{Planet scattering around binaries: ejections, not collisions}",
  journal = {\mnras},
archivePrefix = "arXiv",
   eprint = {1604.03121},
 primaryClass = "astro-ph.EP",
 keywords = {planets and satellites: dynamical evolution and stability, planet-star interactions, binaries: general, planetary systems},
     year = 2016,
    month = sep,
   volume = 461,
    pages = {1288-1301},
      doi = {10.1093/mnras/stw1347},
   adsurl = {http://adsabs.harvard.edu/abs/2016MNRAS.461.1288S},
  adsnote = {Provided by the SAO/NASA Astrophysics Data System}
}

@ARTICLE{Stassun1999,
   author = {{Stassun}, K.~G. and {Mathieu}, R.~D. and {Mazeh}, T. and {Vrba}, F.~J.
	},
    title = "{The Rotation Period Distribution of Pre-Main-Sequence Stars in and around the Orion Nebula}",
  journal = {\aj},
 keywords = {STARS: EVOLUTION, STARS: PRE-MAIN-SEQUENCE, STARS: ROTATION, STARS: SPOTS},
     year = 1999,
    month = jun,
   volume = 117,
    pages = {2941-2979},
      doi = {10.1086/300881},
   adsurl = {http://adsabs.harvard.edu/abs/1999AJ....117.2941S},
  adsnote = {Provided by the SAO/NASA Astrophysics Data System}
}

@ARTICLE{Stauffer2016,
   author = {{Stauffer}, J. and {Rebull}, L. and {Bouvier}, J. and {Hillenbrand}, L.~A. and 
	{Collier-Cameron}, A. and {Pinsonneault}, M. and {Aigrain}, S. and 
	{Barrado}, D. and {Bouy}, H. and {Ciardi}, D. and {Cody}, A.~M. and 
	{David}, T. and {Micela}, G. and {Soderblom}, D. and {Somers}, G. and 
	{Stassun}, K.~G. and {Valenti}, J. and {Vrba}, F.~J.},
    title = "{Rotation in the Pleiades with K2. III. Speculations on Origins and Evolution}",
  journal = {\aj},
archivePrefix = "arXiv",
   eprint = {1606.00057},
 primaryClass = "astro-ph.SR",
 keywords = {open clusters and associations: individual: Pleiades, stars: rotation},
     year = 2016,
    month = nov,
   volume = 152,
      eid = {115},
    pages = {115},
      doi = {10.3847/0004-6256/152/5/115},
   adsurl = {http://adsabs.harvard.edu/abs/2016AJ....152..115S},
  adsnote = {Provided by the SAO/NASA Astrophysics Data System}
}

@ARTICLE{Stepien1995,
   author = {{Stepien}, K.},
    title = "{Loss of angular momentum of cool close binaries and formation of contact systems}",
  journal = {\mnras},
 keywords = {STARS: ACTIVITY, BINARIES: CLOSE, STARS: LATE-TYPE, STARS: MASS-LOSS, STARS: ROTATION, OPEN CLUSTERS AND ASSOCIATIONS: GENERAL},
     year = 1995,
    month = jun,
   volume = 274,
    pages = {1019-1028},
      doi = {10.1093/mnras/274.4.1019},
   adsurl = {http://adsabs.harvard.edu/abs/1995MNRAS.274.1019S},
  adsnote = {Provided by the SAO/NASA Astrophysics Data System}
}

@ARTICLE{Sullivan2015,
   author = {{Sullivan}, P.~W. and {Winn}, J.~N. and {Berta-Thompson}, Z.~K. and 
	{Charbonneau}, D. and {Deming}, D. and {Dressing}, C.~D. and 
	{Latham}, D.~W. and {Levine}, A.~M. and {McCullough}, P.~R. and 
	{Morton}, T. and {Ricker}, G.~R. and {Vanderspek}, R. and {Woods}, D.
	},
    title = "{The Transiting Exoplanet Survey Satellite: Simulations of Planet Detections and Astrophysical False Positives}",
  journal = {\apj},
archivePrefix = "arXiv",
   eprint = {1506.03845},
 primaryClass = "astro-ph.EP",
 keywords = {planets and satellites: detection, space vehicles: instruments, surveys},
     year = 2015,
    month = aug,
   volume = 809,
      eid = {77},
    pages = {77},
      doi = {10.1088/0004-637X/809/1/77},
   adsurl = {http://adsabs.harvard.edu/abs/2015ApJ...809...77S},
  adsnote = {Provided by the SAO/NASA Astrophysics Data System}
}

@ARTICLE{Sumi2011,
   author = {{Sumi}, T. and {Kamiya}, K. and {Bennett}, D.~P. and {Bond}, I.~A. and 
	{Abe}, F. and {Botzler}, C.~S. and {Fukui}, A. and {Furusawa}, K. and 
	{Hearnshaw}, J.~B. and {Itow}, Y. and {Kilmartin}, P.~M. and 
	{Korpela}, A. and {Lin}, W. and {Ling}, C.~H. and {Masuda}, K. and 
	{Matsubara}, Y. and {Miyake}, N. and {Motomura}, M. and {Muraki}, Y. and 
	{Nagaya}, M. and {Nakamura}, S. and {Ohnishi}, K. and {Okumura}, T. and 
	{Perrott}, Y.~C. and {Rattenbury}, N. and {Saito}, T. and {Sako}, T. and 
	{Sullivan}, D.~J. and {Sweatman}, W.~L. and {Tristram}, P.~J. and 
	{Udalski}, A. and {Szyma{\'n}ski}, M.~K. and {Kubiak}, M. and 
	{Pietrzy{\'n}ski}, G. and {Poleski}, R. and {Soszy{\'n}ski}, I. and 
	{Wyrzykowski}, {\L}. and {Ulaczyk}, K. and {Microlensing Observations in Astrophysics (MOA) Collaboration}
	},
    title = "{Unbound or distant planetary mass population detected by gravitational microlensing}",
  journal = {\nat},
archivePrefix = "arXiv",
   eprint = {1105.3544},
 primaryClass = "astro-ph.EP",
     year = 2011,
    month = may,
   volume = 473,
    pages = {349-352},
      doi = {10.1038/nature10092},
   adsurl = {http://adsabs.harvard.edu/abs/2011Natur.473..349S},
  adsnote = {Provided by the SAO/NASA Astrophysics Data System}
}


@ARTICLE{Sutherland2016,
   author = {{Sutherland}, A.~P. and {Fabrycky}, D.~C.},
    title = "{On the Fate of Unstable Circumbinary Planets: Tatooine{\rsquo}s Close Encounters with a Death Star}",
  journal = {\apj},
archivePrefix = "arXiv",
   eprint = {1511.03274},
 primaryClass = "astro-ph.EP",
 keywords = {planetary systems, planets and satellites: detection, planets and satellites: dynamical evolution and stability},
     year = 2016,
    month = feb,
   volume = 818,
      eid = {6},
    pages = {6},
      doi = {10.3847/0004-637X/818/1/6},
   adsurl = {http://adsabs.harvard.edu/abs/2016ApJ...818....6S},
  adsnote = {Provided by the SAO/NASA Astrophysics Data System}
}

@ARTICLE{Tarduno2014,
   author = {{Tarduno}, J.~A. and {Blackman}, E.~G. and {Mamajek}, E.~E.},
    title = "{Detecting the oldest geodynamo and attendant shielding from the solar wind: Implications for habitability}",
  journal = {Physics of the Earth and Planetary Interiors},
archivePrefix = "arXiv",
   eprint = {1502.04410},
 primaryClass = "astro-ph.EP",
     year = 2014,
    month = aug,
   volume = 233,
    pages = {68-87},
      doi = {10.1016/j.pepi.2014.05.007},
   adsurl = {http://adsabs.harvard.edu/abs/2014PEPI..233...68T},
  adsnote = {Provided by the SAO/NASA Astrophysics Data System}
}

@ARTICLE{Tokovinin2006,
   author = {{Tokovinin}, A. and {Thomas}, S. and {Sterzik}, M. and {Udry}, S.
	},
    title = "{Tertiary companions to close spectroscopic binaries}",
  journal = {\aap},
   eprint = {astro-ph/0601518},
 keywords = {stars: binaries: visual, stars: binaries: spectroscopic, stars: formation},
     year = 2006,
    month = may,
   volume = 450,
    pages = {681-693},
      doi = {10.1051/0004-6361:20054427},
   adsurl = {http://adsabs.harvard.edu/abs/2006A%26A...450..681T},
  adsnote = {Provided by the SAO/NASA Astrophysics Data System}
}

@ARTICLE{vanderWalt2011, 
author={S. van der Walt and S. C. Colbert and G. Varoquaux}, 
journal={Computing in Science Engineering}, 
title={The NumPy Array: A Structure for Efficient Numerical Computation}, 
year={2011}, 
volume={13}, 
number={2}, 
pages={22-30}, 
keywords={data structures;high level languages;mathematics computing;numerical analysis;Python programming language;high level language;numerical computation;numerical data;numpy array;Arrays;Computational efficiency;Finite element methods;Numerical analysis;Performance evaluation;Resource management;Vector quantization;NumPy;Python;numerical computations;programming libraries;scientific programming}, 
doi={10.1109/MCSE.2011.37}, 
ISSN={1521-9615}, 
month={March},}

@ARTICLE{VantVeer1988,
   author = {{van't Veer}, F. and {Maceroni}, C.},
    title = "{The angular momentum loss of rapidly rotating late-type main sequence binaries}",
  journal = {\aap},
 keywords = {Angular Momentum, Binary Stars, G Stars, Late Stars, Main Sequence Stars, Stellar Rotation, Angular Velocity, Star Formation, Stellar Activity, Stellar Evolution, Stellar Mass},
     year = 1988,
    month = jun,
   volume = 199,
    pages = {183-190},
   adsurl = {http://adsabs.harvard.edu/abs/1988A%26A...199..183V},
  adsnote = {Provided by the SAO/NASA Astrophysics Data System}
}

@ARTICLE{Vartanyan2016,
   author = {{Vartanyan}, D. and {Garmilla}, J.~A. and {Rafikov}, R.~R.},
    title = "{Tatooine Nurseries: Structure and Evolution of Circumbinary Protoplanetary Disks}",
  journal = {\apj},
archivePrefix = "arXiv",
   eprint = {1509.07524},
 primaryClass = "astro-ph.EP",
 keywords = {planetary systems, planets and satellites: formation, protoplanetary disks},
     year = 2016,
    month = jan,
   volume = 816,
      eid = {94},
    pages = {94},
      doi = {10.3847/0004-637X/816/2/94},
   adsurl = {http://adsabs.harvard.edu/abs/2016ApJ...816...94V},
  adsnote = {Provided by the SAO/NASA Astrophysics Data System}
}

@ARTICLE{Veras2012,
   author = {{Veras}, D. and {Raymond}, S.~N.},
    title = "{Planet-planet scattering alone cannot explain the free-floating planet population}",
  journal = {\mnras},
archivePrefix = "arXiv",
   eprint = {1201.2175},
 primaryClass = "astro-ph.EP",
 keywords = {planets and satellites: dynamical evolution and stability, planetary systems, Galaxy: structure},
     year = 2012,
    month = mar,
   volume = 421,
    pages = {L117-L121},
      doi = {10.1111/j.1745-3933.2012.01218.x},
   adsurl = {http://adsabs.harvard.edu/abs/2012MNRAS.421L.117V},
  adsnote = {Provided by the SAO/NASA Astrophysics Data System}
}


@ARTICLE{Verbunt1981,
   author = {{Verbunt}, F. and {Zwaan}, C.},
    title = "{Magnetic braking in low-mass X-ray binaries}",
  journal = {\aap},
 keywords = {Binary Stars, Stellar Magnetic Fields, Stellar Mass Accretion, Stellar Rotation, X Ray Binaries, X Ray Sources, Angular Momentum, Gravitational Effects, Gravitational Waves, Magnetic Effects, Main Sequence Stars, Mass Transfer, Spin Reduction, Stellar Temperature, Stellar Winds},
     year = 1981,
    month = jul,
   volume = 100,
    pages = {L7-L9},
   adsurl = {http://adsabs.harvard.edu/abs/1981A%26A...100L...7V},
  adsnote = {Provided by the SAO/NASA Astrophysics Data System}
}

@INPROCEEDINGS{Welsh2014,
   author = {{Welsh}, W.~F. and {Orosz}, J.~A. and {Carter}, J.~A. and {Fabrycky}, D.~C.
	},
    title = "{Recent Kepler Results On Circumbinary Planets}",
 keywords = {Exoplanets, Eclipsing Binary Stars, Kepler },
booktitle = {Formation, Detection, and Characterization of Extrasolar Habitable Planets},
     year = 2014,
   series = {IAU Symposium},
   volume = 293,
archivePrefix = "arXiv",
   eprint = {1308.6328},
 primaryClass = "astro-ph.EP",
   editor = {{Haghighipour}, N.},
    month = apr,
    pages = {125-132},
      doi = {10.1017/S1743921313012684},
   adsurl = {http://adsabs.harvard.edu/abs/2014IAUS..293..125W},
  adsnote = {Provided by the SAO/NASA Astrophysics Data System}
}

@INPROCEEDINGS{Welsh2015,
   author = {{Welsh}, W. and {Orosz}, J. and {Quarles}, B. and {Haghighipour}, N.
	},
    title = "{Kepler-47: A Three-Planet Circumbinary System}",
booktitle = {AAS/Division for Extreme Solar Systems Abstracts},
     year = 2015,
   series = {AAS/Division for Extreme Solar Systems Abstracts},
   volume = 3,
    month = dec,
      eid = {402.01},
    pages = {402.01},
   adsurl = {http://adsabs.harvard.edu/abs/2015ESS.....340201W},
  adsnote = {Provided by the SAO/NASA Astrophysics Data System}
}

@ARTICLE{Wilkins2017,
   author = {{Wilkins}, A.~N. and {Delrez}, L. and {Barker}, A.~J. and {Deming}, D. and 
	{Hamilton}, D. and {Gillon}, M. and {Jehin}, E.},
    title = "{Searching for Rapid Orbital Decay of WASP-18b}",
  journal = {\apjl},
archivePrefix = "arXiv",
   eprint = {1702.01123},
 primaryClass = "astro-ph.EP",
 keywords = {planets and satellites: atmospheres, stars: individual: WASP-18, techniques: photometric, techniques: spectroscopic},
     year = 2017,
    month = feb,
   volume = 836,
      eid = {L24},
    pages = {L24},
      doi = {10.3847/2041-8213/aa5d9f},
   adsurl = {http://adsabs.harvard.edu/abs/2017ApJ...836L..24W},
  adsnote = {Provided by the SAO/NASA Astrophysics Data System}
}

@ARTICLE{Winn2015,
   author = {{Winn}, J.~N. and {Fabrycky}, D.~C.},
    title = "{The Occurrence and Architecture of Exoplanetary Systems}",
  journal = {\araa},
archivePrefix = "arXiv",
   eprint = {1410.4199},
 primaryClass = "astro-ph.EP",
     year = 2015,
    month = aug,
   volume = 53,
    pages = {409-447},
      doi = {10.1146/annurev-astro-082214-122246},
   adsurl = {http://adsabs.harvard.edu/abs/2015ARA%26A..53..409W},
  adsnote = {Provided by the SAO/NASA Astrophysics Data System}
}

@ARTICLE{Wisdom2008,
   author = {{Wisdom}, J.},
    title = "{Tidal dissipation at arbitrary eccentricity and obliquity}",
  journal = {\icarus},
     year = 2008,
    month = feb,
   volume = 193,
    pages = {637-640},
      doi = {10.1016/j.icarus.2007.09.002},
   adsurl = {http://adsabs.harvard.edu/abs/2008Icar..193..637W},
  adsnote = {Provided by the SAO/NASA Astrophysics Data System}
}

@ARTICLE{Zahn1989,
   author = {{Zahn}, J.-P. and {Bouchet}, L.},
    title = "{Tidal evolution of close binary stars. II - Orbital circularization of late-type binaries}",
  journal = {\aap},
 keywords = {Binary Stars, Late Stars, Pre-Main Sequence Stars, Stellar Evolution, Eccentricity, Mass Transfer, Stellar Rotation},
     year = 1989,
    month = oct,
   volume = 223,
    pages = {112-118},
   adsurl = {http://adsabs.harvard.edu/abs/1989A%26A...223..112Z},
  adsnote = {Provided by the SAO/NASA Astrophysics Data System}
}

@ARTICLE{Zhao2013,
   author = {{Zhao}, B. and {Li}, Z.-Y.},
    title = "{Orbital and Mass Ratio Evolution of Protobinaries Driven by Magnetic Braking}",
  journal = {\apj},
archivePrefix = "arXiv",
   eprint = {1210.2308},
 primaryClass = "astro-ph.SR",
 keywords = {binaries: general, magnetic fields, magnetohydrodynamics: MHD, stars: formation },
     year = 2013,
    month = jan,
   volume = 763,
      eid = {7},
    pages = {7},
      doi = {10.1088/0004-637X/763/1/7},
   adsurl = {http://adsabs.harvard.edu/abs/2013ApJ...763....7Z},
  adsnote = {Provided by the SAO/NASA Astrophysics Data System}
}